@misc{defhad,
author = {Wikimedia Foundation Inc.},
title = {Apache Hadoop},
year = 2015,
url = {https://de.wikipedia.org/wiki/Apache_Hadoop#Hadoop_Distributed_File_System_.28HDFS.29},
note = {Aufgerufen am: 17.08.2015}
}

@misc{distributfs,
author = {Wikimedia Foundation Inc.},
title = {Verteiltes Dateisystem},
year = 2015,
url = {https://de.wikipedia.org/wiki/Verteiltes_Dateisystem},
note = {Aufgerufen am: 17.08.2015}
}

@misc{yahoo,
author = {Yahoo! Inc.},
title = {Module 2: The Hadoop Distributed File System},
year = 2015,
url = {https://developer.yahoo.com/hadoop/tutorial/module2.html#basics},
note = {Aufgerufen am: 17.08.2015}
}

@misc{archguid,
author = {Dhruba Borthakur},
title = {HDFS Architecture Guide},
year = 2015,
url = {http://hadoop.apache.org/docs/r1.2.1/hdfs_design.html},
note = {Aufgerufen am: 17.08.2015}
}

@misc{uwe,
author = {Uwe Seller},
title = {Einfuehrung in Hadoop - Die wichtigsten Komponenten von Hadoop},
year = 2015,
url = {https://blog.codecentric.de/2013/08/einfuhrung-in-hadoop-die-wichtigsten-komponenten-von-hadoop-teil-3-von-5/},
note = {Aufgerufen am: 17.08.2015}
}

@misc{uwes,
author = {Uwe Seller},
title = {Einfuehrung in Hadoop - Die wichtigsten Komponenten von Hadoop},
year = 2015,
url = {http://blog.codecentric.de/files/2013/08/hadoop_hdfs_architecture.png},
note = {Aufgerufen am: 17.08.2015}
}

@misc{avn,
author = {av-news GmbH},
title = {Wie Hadoop einsetzen},
year = 2015,
url = http://www.av-finance.com/geldinstitute/newsdetails-gi/artikel/334/wie-hadoop-einsetzen/},
note = {Aufgerufen am: 17.08.2015}
}
